
@book{brillinger2001time,
  title={Time series: data analysis and theory},
  author={Brillinger, David R},
  year={2001},
  publisher={SIAM}
}

@article{salomone2019spectral,
  title={Spectral Subsampling MCMC for Stationary Time Series},
  author={Salomone, Robert and Quiroz, Matias and Kohn, Robert and Villani, Mattias and Tran, Minh-Ngoc},
  journal={International Conference on Machine Learning (ICML2020)},
  year={2020}
}

@article{whittle1953analysis,
  title={The analysis of multiple stationary time series},
  author={Whittle, Peter},
  journal={Journal of the Royal Statistical Society: Series B (Methodological)},
  volume={15},
  number={1},
  pages={125--139},
  year={1953},
  publisher={Wiley Online Library}
}